@ONLINE{muni,
  publisher = {Masaryk University},
  title     = {Masaryk University},
  date      = {1996/2009},
  url       = {https://www.muni.cz/en},
  urldate   = {2016-12-09},
  location  = {Brno},
  langid    = {english}
}

@ONLINE{redhat-go-course,
    author  = {RedHat},
    title   = {RedHat Go Course},
    url     = {https://github.com/RedHatOfficial/GoCourse},
    urldate = {2024-05-07},
    langid  = {english}
}

@BOOK{learning-go,
    author = {Jon Bodner},
    title = {Learning Go},
    publisher = {O'Reilly},
    year = {2024},
    month = {01}
}

@BOOK{100-go-mistakes,
    author = {Teiva Harsanyi},
    title = {100 Go Mistakes and How to Avoid Them},
    publisher = {Manning Publications},
    year = {2022},
}

@BOOK{shipping-go,
    author = {Joel Holmes},
    title = {Shipping Go},
    publisher = {Manning Publications},
    year = {2023},
}

@MISC{spf13-cobra,
    author = {spf13},
    title = {Cobra},
    publisher = {GitHub},
    journal = {GitHub repository},
    howpublished = {\url{https://github.com/spf13/cobra}},
    commit = {5a1acea3210649f3d70002818ec04b09f6347062}
}

@MISC{urfave-cli,
    author = {urfave},
    title = {CLI},
    publisher = {GitHub},
    journal = {GitHub repository},
    howpublished = {\url{https://github.com/urfave/cli}},
    commit = {817dcbc5d9ed0800f490886939e64abfaa3d3c59}
}

@MISC{charmbracelet-bubbletea,
    author = {charmbracelet},
    title = {Bubbletea},
    publisher = {GitHub},
    journal = {GitHub repository},
    howpublished = {\url{https://github.com/charmbracelet/bubbletea}},
    commit = {ef4e46c488ede19715e6299eb3f66d7ec0e1af91}
}

@MISC{wailsapp-wails,
    author = {wailsapp},
    title = {Wails},
    publisher = {GitHub},
    journal = {GitHub repository},
    howpublished = {\url{https://github.com/wailsapp/wails}},
    commit = {0f66a98449e4183247ebadf44d9b3aa5fafd738a}
}

@MISC{electron-electron,
    author = {electron},
    title = {Electron},
    publisher = {GitHub},
    journal = {GitHub repository},
    howpublished = {\url{https://github.com/electron/electron}},
    commit = {96dda274e9c23f8ff6345fe129d7c9860b2c2ea9}
}

@MISC{tauri-apps-tauri,
    author = {tauri-apps},
    title = {Tauri},
    publisher = {GitHub},
    journal = {GitHub repository},
    howpublished = {\url{https://github.com/tauri-apps/tauri}},
    commit = {4a33bc6a62d2ed9371191c8a7f78ff3f33930455}
}

@MISC{fyne-io-fyne,
    author = {fyne-io},
    title = {Fyne},
    publisher = {GitHub},
    journal = {GitHub repository},
    howpublished = {\url{https://github.com/fyne-io/fyne}},
    commit = {d8e9fe02c9bb9e4b4c42778f5cae8ffcc43f36e2}
}

@MISC{bigskysoftware-htmx,
    author = {bigskysoftware},
    title = {HTMX},
    publisher = {GitHub},
    journal = {GitHub repository},
    howpublished = {\url{https://github.com/bigskysoftware/htmx}},
    commit = {57595bc0390b6ed98ada45a5d27156322e308757}
}
